<record><leader>00000cas a22000007a 4500</leader><controlfield tag="001">1565042</controlfield><controlfield tag="008">750824d19591960mnuwr ne      0    0eng d</controlfield><datafield ind1=" " ind2=" " tag="010"><subfield code="a">sn 90057558 </subfield></datafield><datafield ind1=" " ind2=" " tag="040"><subfield code="a">MUL</subfield><subfield code="b">eng</subfield><subfield code="c">MUL</subfield><subfield code="d">OCL</subfield><subfield code="d">MN#</subfield><subfield code="d">OCLCQ</subfield><subfield code="d">OCLCF</subfield><subfield code="d">OCLCO</subfield></datafield><datafield ind1=" " ind2=" " tag="042"><subfield code="a">msc</subfield></datafield><datafield ind1=" " ind2=" " tag="043"><subfield code="a">n-us-mn</subfield></datafield><datafield ind1=" " ind2=" " tag="052"><subfield code="a">4144</subfield><subfield code="b">C74</subfield><subfield code="b">A6</subfield></datafield><datafield ind1=" " ind2=" " tag="052"><subfield code="a">4143</subfield><subfield code="b">A5</subfield></datafield><datafield ind1="0" ind2="0" tag="245"><subfield code="a">Coon Rapids suburban life.</subfield></datafield><datafield ind1=" " ind2=" " tag="260"><subfield code="a">Anoka, Anoka Co., Minn. :</subfield><subfield code="b">Anoka County Union &amp; Shopper,</subfield><subfield code="c">-1960.</subfield></datafield><datafield ind1=" " ind2=" " tag="300"><subfield code="a">v.</subfield></datafield><datafield ind1=" " ind2=" " tag="310"><subfield code="a">Weekly</subfield></datafield><datafield ind1="1" ind2=" " tag="362"><subfield code="a">Began June 3, 1959.</subfield></datafield><datafield ind1="0" ind2=" " tag="362"><subfield code="a">-v. 5, no. 18 (Aug. 31, 1960).</subfield></datafield><datafield ind1=" " ind2=" " tag="530"><subfield code="a">Available on microfilm from the Minnesota Historical Society.</subfield></datafield><datafield ind1=" " ind2=" " tag="588"><subfield code="a">Description based on: Vol. 4, no. 8 (June 10, 1959).</subfield></datafield><datafield ind1=" " ind2="0" tag="651"><subfield code="a">Coon Rapids (Minn.)</subfield><subfield code="v">Newspapers.</subfield></datafield><datafield ind1=" " ind2="7" tag="655"><subfield code="a">Newspapers.</subfield><subfield code="2">fast</subfield><subfield code="0">(OCoLC)fst01423814</subfield></datafield><datafield ind1=" " ind2="7" tag="651"><subfield code="a">Minnesota</subfield><subfield code="z">Coon Rapids.</subfield><subfield code="2">fast</subfield><subfield code="0">(OCoLC)fst01220189</subfield></datafield><datafield ind1=" " ind2=" " tag="752"><subfield code="a">United States</subfield><subfield code="b">Minnesota</subfield><subfield code="c">Anoka</subfield><subfield code="d">Anoka.</subfield></datafield><datafield ind1=" " ind2=" " tag="752"><subfield code="a">United States</subfield><subfield code="b">Minnesota</subfield><subfield code="c">Anoka</subfield><subfield code="d">Coon Rapids.</subfield></datafield><datafield ind1="0" ind2="0" tag="780"><subfield code="t">Anoka County suburban life</subfield><subfield code="w">(DLC)sn 90057533</subfield></datafield><datafield ind1="0" ind2="7" tag="785"><subfield code="t">Anoka herald</subfield><subfield code="w">(DLC)sn 90057539</subfield></datafield><datafield ind1="0" ind2="7" tag="785"><subfield code="t">Coon Rapids herald-life</subfield><subfield code="w">(DLC)sn 90057554</subfield></datafield></record>